@inproceedings{taherkhani12,
  title={Automatic recognition of students' sorting algorithm implementations in a data structures and algorithms course},
  author={Taherkhani, Ahmad and Korhonen, Ari and Malmi, Lauri},
  booktitle={Proceedings of the 12th Koli Calling International Conference on Computing Education Research},
  pages={83--92},
  year={2012},
  organization={ACM}
}

@ARTICLE{bender,
  author    = {Michael A. Bender and
               Martin Farach-Colton and
               Miguel A. Mosteiro},
  title     = {Insertion Sort is O(n log n)},
  journal   = {Theory Comput. Syst.},
  volume    = {39},
  number    = {3},
  year      = {2006},
  pages     = {391-397},
  ee        = {http://dx.doi.org/10.1007/s00224-005-1237-z},
  bibsource = {DBLP, http://dblp.uni-trier.de}
}

@ARTICLE{MOOCshop,
  author    = {Fill this in}
}

@online{datashop,
 month                = {June},
 organization         = {Pittsburgh Science of Learning Center},
 title            = {PSLC DataShop},
 year                 = {2013},
 }

@inproceedings{WeldHcomp12,
	author = {Daniel Weld and Eytan Adar and Lydia Chilton and Raphael Hoffmann and Eric Horvitz and Mitchell Koch and James Landay and Christopher Lin and Mausam},
	title = {Personalized Online Education -- A Crowdsourcing Challenge},
	booktitle = {Proceedings of the 4th Human Computation Workshop (HCOMP '12) at AAAI},
	year = {2012}
}

@inproceedings{Piech,
 author = {Piech, Chris and Sahami, Mehran and Koller, Daphne and Cooper, Steve and Blikstein, Paulo},
 title = {Modeling how students learn to program},
 booktitle = {Proceedings of the 43rd ACM technical symposium on Computer Science Education},
 series = {SIGCSE '12},
 year = {2012},
 isbn = {978-1-4503-1098-7},
 location = {Raleigh, North Carolina, USA},
 pages = {153--160},
 numpages = {8},
 url = {http://doi.acm.org/10.1145/2157136.2157182},
 doi = {10.1145/2157136.2157182},
 acmid = {2157182},
 publisher = {ACM},
 address = {New York, NY, USA},
 keywords = {hidden Markov model, intelligent tutor, probabilistic graphical models, program dissimilarity metric, student progress model},
} 


%@misc{cogtutor,
% author               = {V. Fuller and D. Farinacci and D. Meyer and D. Lewis},
% month                = {June},
% organization         = {Internet Engineering Task Force},
% publisher            = {IETF},
% series               = {Request for Comments},
% title                = {LISP Alternative Topology (LISP+ALT)},
% year                 = {2011},
% howpublished         = {http://www.carnegielearning.com/specs/cognitive-tutor-overview/},
% }

@ONLINE{cogtutor,
title = {Carnegie Learning Cognitive Tutor},
month = {April},
year = {2013},
}

@ONLINE{assistments,
author = {Heffernan et. al.},
title = {Assistments: Home},
month = {April},
year = {2013},
}
%
%@misc{assistments,
% author               = {V. Fuller and D. Farinacci and D. Meyer and D. Lewis},
% month                = {June},
% organization         = {Internet Engineering Task Force},
% publisher            = {IETF},
% series               = {Request for Comments},
% title                = {LISP Alternative Topology (LISP+ALT)},
% year                 = {2011},
% howpublished         = {http://teacherwiki.assistment.org/wiki/index.php/Main_Page},
% }


@inproceedings{ICERHelminen,
 author = {Helminen, Juha and Ihantola, Petri and Karavirta, Ville and Malmi, Lauri},
 title = {How do students solve Parsons programming problems? An analysis of interaction traces},
 booktitle = {Proceedings of the Ninth Annual International Conference on International Computing Education Research},
 series = {ICER '12},
 year = {2012},
 isbn = {978-1-4503-1604-0},
 location = {Auckland, New Zealand},
 pages = {119--126},
 numpages = {8},
 url = {http://doi.acm.org/10.1145/2361276.2361300},
 doi = {10.1145/2361276.2361300},
 acmid = {2361300},
 publisher = {ACM},
 address = {New York, NY, USA},
 keywords = {parsons puzzles, problem solving process, python},
}

@inproceedings{ICERGlassman,
 author = {Glassman, Elena L. and Gulley, Ned and Miller, Robert C.},
 title = {Toward Facilitating Assistance to Students Attempting Engineering Design Problems},
 booktitle = {Proceedings of the Tenth Annual International Conference on International Computing Education Research},
 series = {ICER '13},
 year = {2013},
 location = {San Diego, California, USA},
 doi = {http://dx.doi.org/10.1145/2493394.2493400},
 publisher = {ACM},
 address = {New York, NY, USA},
}

@inproceedings{PatitsasICER13,
 author = {Patitsas, Elizabeth and Craig, Michelle and Easterbrook, Steve},
 title = {Comparing and contrasting different algorithms leads to increased student learning},
 booktitle = {Proceedings of the ninth annual international ACM conference on International computing education research},
 series = {ICER '13},
 year = {2013},
 isbn = {978-1-4503-2243-0},
 location = {San Diego, San California, USA},
 pages = {145--152},
 numpages = {8},
 url = {http://doi.acm.org/10.1145/2493394.2493409},
 doi = {10.1145/2493394.2493409},
 acmid = {2493409},
 publisher = {ACM},
 address = {New York, NY, USA},
 keywords = {computer science education, cs2, worked examples},
}

@inproceedings{Kiesmueller,
 author = {Kiesmueller, Ulrich and Sossalla, Sebastian and Brinda, Torsten and Riedhammer, Korbinian},
 title = {Online identification of learner problem solving strategies using pattern recognition methods},
 booktitle = {Proceedings of the Fifteenth Annual Conference on Innovation and Technology in Computer Science Education},
 series = {ITiCSE '10},
 year = {2010},
 isbn = {978-1-60558-820-9},
 location = {Bilkent, Ankara, Turkey},
 pages = {274--278},
 numpages = {5},
 url = {http://doi.acm.org/10.1145/1822090.1822167},
 doi = {10.1145/1822090.1822167},
 acmid = {1822167},
 publisher = {ACM},
 address = {New York, NY, USA},
 keywords = {algorithms, computer science education, pattern recognition, problem solving strategies, secondary education, tool-based analysis},
} 



@inproceedings{rishabh,
  author    = {Rishabh Singh and
               Sumit Gulwani and
               Armando Solar-Lezama},
  title     = {Automated Feedback Generation for Introductory Programming Assignments},
  booktitle = {PLDI},
  year      = {2013}
}


@article{BenAmi,
 author = {Ben-Ari, Mordechai},
 title = {Constructivism in computer science education},
 journal = {SIGCSE Bull.},
 issue_date = {Mar. 1998},
 volume = {30},
 number = {1},
 month = mar,
 year = {1998},
 issn = {0097-8418},
 pages = {257--261},
 numpages = {5},
 url = {http://doi.acm.org/10.1145/274790.274308},
 doi = {10.1145/274790.274308},
 acmid = {274308},
 publisher = {ACM},
 address = {New York, NY, USA},
} 

